%%%%%%%%%%%%%%%%%%%%%%%%%%%%%%%%%%%%%%%%%%%%%%%%%%%%%%%%%%%%%%%%%%%%%%%%%%%%%%%
%                               BOOK and INBOOK                               %
%%%%%%%%%%%%%%%%%%%%%%%%%%%%%%%%%%%%%%%%%%%%%%%%%%%%%%%%%%%%%%%%%%%%%%%%%%%%%%%

@BOOK{ B:ahuja-magnanti-orlin, 
    AUTHOR    = "R.K. Ahuja and T.L. Magnanti and J.B. Orlin",
    TITLE     = "Network Flows: Theory, Algorithms and Applications",
    BOOKTITLE = "Network Flows: Theory, Algorithms and Applications",
    PUBLISHER = "Prentice-Hall, New Jersey",
    YEAR      = "1993",
}

@BOOK{ B:cook-lovasz-seymour,
    EDITOR    = "W. Cook and L. Lov\'asz and P. Seymour",
    BOOKTITLE = "Advances in Combinatorial Optimization",
    PUBLISHER = "AMS, Providence, RI",
    YEAR      = "1995",
}

@INCOLLECTION{ S:shmoys:complexity,
    AUTHOR    = "D.B. Shmoys",
    TITLE     = "Computing Near-Optimal Solutions to Combinatorial Optimization Problems",
    PAGES     = "355--397",
    CROSSREF  = "B:cook-lovasz-seymour"
}
        
@BOOK{ B:garey-johnson,
    AUTHOR    = "M.R. Garey and D.S. Johnson",
    TITLE     = "Computers and Intractability",
    BOOKTITLE = "Computers and Intractability",
    PUBLISHER = "W.H. Freeman and Company, New York",
    YEAR      = "1979"
}

@BOOK{ B:garfinkel-nemhauser,
    AUTHOR    = "R.S. Garfinkel and G.L. Nemhauser",
    TITLE     = "Integer Programming",
    BOOKTITLE = "Integer Programming",
    PUBLISHER = "Wiley, New York",
    YEAR      = "1972"
}

@BOOK{ B:grotschel-lovasz-schrijver,
    AUTHOR    = "M. Gr{\"o}tschel and L. Lov{\'a}sz and A. Schrijver",
    TITLE     = "Geometric Algorithms and Combinatorial Optimization",
    BOOKTITLE = "Geometric Algorithms and Combinatorial Optimization",
    PUBLISHER = "Springer-Verlag",
    YEAR      = "1988"
}

@BOOK{ B:hochbaum:approx-algo, 
    EDITOR    = "D. Hochbaum",
    BOOKTITLE = "Approximation Algorithms for NP-hard problems",
    PUBLISHER = "PWS Publishing Company, Boston",
    YEAR      = "1995",
}

@INCOLLECTION{ S:approx-covering-and-packing,
    AUTHOR    = "D. Hochbaum",
    TITLE     = "Approximating covering and packing problems: set cover, vertex cover, independent set and related problems",
    CHAPTER   = "3",
    CROSSREF  = "B:hochbaum:approx-algo"
}

@BOOK{ B:lovasz-plummer, 
    AUTHOR    = "L. Lov\'asz and M.D. Plummer",
    TITLE     = "Matching Theory",
    BOOKTITLE = "Matching Theory",
    PUBLISHER = "Akad\'emiai Kiad\'o, Budapest",
    NOTE      = "Also published as Vol. 121 of the North-Holland Mathematics Studies, North-Holland Publishing, Amsterdam", 
    YEAR      = "1986",
}

@BOOK{ B:nemhauser-wolsey,
    AUTHOR    = "G.L. Nemhauser and L.A. Wolsey",
    TITLE     = "Integer and Combinatorial Optimization",
    BOOKTITLE = "Integer and Combinatorial Optimization",
    PUBLISHER = "Wiley, New York",
    YEAR      = "1988"
}

@BOOK{ B:ousterhout:tcltk,
    AUTHOR    = "J.K. Ousterhout",
    TITLE     = "Tcl and the Tk Toolkit",
    PUBLISHER = "Addison-Wesley",
    YEAR      = "1994"
}

@BOOK{ B:papa-steiglitz, 
    AUTHOR    = "C.H. Papadimitriou and K. Steiglitz",
    TITLE     = "Combinatorial Optimization, Algorithms and Complexity",
    BOOKTITLE = "Combinatorial Optimization, Algorithms and Complexity",
    PUBLISHER = "Prentice-Hall, New Jersey",
    YEAR      = "1982"
}

@INBOOK{ S:total-unimod,
    CROSSREF  = "B:Papa-Steiglitz",
    CHAPTER   = "13.2"
}

@BOOK{ B:recski:veges-matematika,
    AUTHOR    = "Gy.Y. Katona and A. Recski",
    TITLE     = "Bevezet\'es a v\'eges matematik\'aba (Introduction to finite mathematics)",
    BOOKTITLE = "Bevezet\'es a v\'eges matematik\'aba (Introduction to finite mathematics)",
    PUBLISHER = "ELTE, Budapest",
    YEAR      = "1993"
}

@BOOK{ B:schrijver,
    AUTHOR    = "A. Schrijver",
    TITLE     = "Theory of Linear and Integer Programming",
    BOOKTITLE = "Theory of Linear and Integer Programming",
    PUBLISHER = "Wiley, New York",
    YEAR      = "1986"
}

@BOOK{ B:TSP-book,
    EDITOR    = "E.L. Lawler and J.K. Lenstra and A.H.G. Rinnooy Kan and D.B. Shmoys",
    BOOKTITLE = "The Traveling Salesman Problem: A Guided Tour of Combinatorial Optimization",
    PUBLISHER = "Wiley, New York",
    YEAR      = "1985"
}

@INCOLLECTION{ S:christofides:vrp,
    AUTHOR    = "N. Christofides",
    TITLE     = "Vehicle Routing",
    CHAPTER   = "12",
    CROSSREF  = "B:TSP-book"
}

%%%%%%%%%%%%%%%%%%%%%%%%%%%%%%%%%%%%%%%%%%%%%%%%%%%%%%%%%%%%%%%%%%%%%%%%%%%%%%%
%                               ARTICLE                                       %
%%%%%%%%%%%%%%%%%%%%%%%%%%%%%%%%%%%%%%%%%%%%%%%%%%%%%%%%%%%%%%%%%%%%%%%%%%%%%%%

@ARTICLE{ A:balas-padberg:survey,
    AUTHOR    = "E. Balas and M.W. Padberg",
    TITLE     = "Set partitioning: A survey",
    JOURNAL   = "SIAM Review",
    VOLUME    = "18",
    NUMBER    = "4",
    YEAR      = "1976",
    PAGES     = "710--760"
}
 
@ARTICLE{ A:balinski-quandt:vrp,
    AUTHOR    = "M.L. Balinski and R.E. Quandt",
    TITLE     = "On an integer program for a delivery problem",
    JOURNAL   = "Operations Research",
    VOLUME    = "12",
    NUMBER    = "2",
    YEAR      = "1964",
    PAGES     = "300--304"
}

@ARTICLE{ A:barahona-junger-reinelt,
    AUTHOR    = "F. Barahona and M. J{\"u}nger and G. Reinelt",
    TITLE     = "Experiments in quadratic 0-1 programming",
    JOURNAL   = "Mathematical Programming",
    VOLUME    = 44,
    YEAR      = 1989,
    PAGES     = "127--137"
}

@ARTICLE{ A:barahona-mahjoub:cut-polytope,
    AUTHOR    = "F. Barahona and A.R. Mahjoub",
    TITLE     = "On the cut polytope",
    JOURNAL   = "Mathematical Programming",
    VOLUME    = 36,
    YEAR      = 1986,
    PAGES     = "157--173"
}

@ARTICLE{ A:barahona-mahjoub:stable-set-2,
    AUTHOR    = "F. Barahona and A.R. Mahjoub",
    TITLE     = "Compositions of graphs and polyhedra {II}: Stable sets",
    JOURNAL   = "SIAM Journal on Discrete Mathematics",
    VOLUME    = "7",
    YEAR      = "1994",
    PAGES     = "359--371"
}

@ARTICLE{ A:barahona-mahjoub:stable-set-3,
    AUTHOR    = "F. Barahona and A.R. Mahjoub",
    TITLE     = "Compositions of graphs and polyhedra {III}: Graphs with no {$W_4$} minor",
    JOURNAL   = "SIAM Journal on Discrete Mathematics",
    VOLUME    = "7",
    YEAR      = "1994",
    PAGES     = "372--389"
}
 
@ARTICLE{ A:beasley-chu,
    AUTHOR    = "J.E. Beasley and P.C. Chu",
    TITLE     = "A genetic algorithm for the set covering problem",
    JOURNAL   = "European Journal of Operational Research",
    VOLUME    = "94",
    YEAR      = "1996",
    PAGES     = "392--404"
}
 
@ARTICLE{ A:chaime:circuit-part,
    AUTHOR    = "M. Eben-Chaime and C.A. Tovey and J.C. Ammons",
    TITLE     = "Circuit partitioning via set partitioning and column generation",
    JOURNAL   = "Operations Research",
    VOLUME    = "44",
    NUMBER    = "1",
    YEAR      = "1996",
    PAGES     = "65--76"
}

@ARTICLE{ A:cheng-cunningham:wheel,
    AUTHOR    = "E. Cheng and W.H. Cunningham",
    TITLE     = "Wheel inequalities for stable set polytopes",
    JOURNAL   = "Mathematical Programming",
    VOLUME    = "77",
    YEAR      = "1997",
    PAGES     = "389--421"
}
        
@ARTICLE{ A:chvatal:chvatal-cut,
    AUTHOR    = "V. Chv\'atal",
    TITLE     = "Edmonds polytopes and a hierarchy of combinatorial problems",
    JOURNAL   = "Discrete Mathematics",
    VOLUME    = "4",
    YEAR      = "1973",
    PAGES     = "305--337"
}
        
@ARTICLE{ A:chvatal:chvatal-condition,
    AUTHOR    = "V. Chv\'atal",
    TITLE     = "On certain polytopes associated with graphs",
    JOURNAL   = "Journal of Combinatorial Theory (B)",
    VOLUME    = "18",
    YEAR      = "1975",
    PAGES     = "138--154"
}
        
@ARTICLE{ A:desimone-rinaldi,
    AUTHOR    = "C. {De Simone} and G. Rinaldi",
    TITLE     = "A cutting plane algorithm for the max-cut problem",
    JOURNAL   = "Optimization Methods and Software",
    VOLUME    = 3,
    YEAR      = 1994,
    PAGES     = "195--214"
}

@ARTICLE{ A:edmonds:path-tree-flower,
    AUTHOR    = "J. Edmonds",
    TITLE     = "Paths, trees, and flowers",
    JOURNAL   = "Canadian Journal of Mathematics",
    VOLUME    = "17",
    YEAR      = "1965",
    PAGES     = "449--467"}

@ARTICLE{ A:edmonds:int-graph,
    AUTHOR    = "J. Edmonds",
    TITLE     = "Covers and packings in a family of sets",
    JOURNAL   = "Bulletin of the American Mathematical Society",
    VOLUME    = "68",
    YEAR      = "1962",
    PAGES     = "494--499"
}

@ARTICLE{ A:eldarzi-mitra,
    AUTHOR    = "E. El-Darzi and G. Mitra",
    TITLE     = "Set covering and set partitioning: A collection of test problems",
    JOURNAL   = "Omega International Journal of Management Science",
    VOLUME    = "18",
    NUMBER    = "2",
    YEAR      = "1990",
    PAGES     = "195--201"
}

@ARTICLE{ A:falkner-ryan:bus-crew,
    AUTHOR    = "J.C. Falkner and D.M. Ryan",
    TITLE     = "A bus crew scheduling system using a set partitioning model",
    JOURNAL   = "Asia-Pacific Journal of Operational Research",
    VOLUME    = "4",
    YEAR      = "1987",
    PAGES     = "39--56"
}

@ARTICLE{ A:garfinkel-nemhauser:polit-dist,
    AUTHOR    = "R.S. Garfinkel and G.L. Nemhauser",
    TITLE     = "Optimal political districting by implicit enumeration techniques",
    JOURNAL   = "Management Science",
    VOLUME    = "16",
    YEAR      = "1970",
    PAGES     = "B495--B508"
}

@ARTICLE{ A:gendron-crainic,
    AUTHOR    = "B. Gendron and T.G. Crainic",
    TITLE     = "Parallel Branch and Bound Algorithms: Survey and Synthesis",
    JOURNAL   = "Operations Research",
    VOLUME    = "42",
    YEAR      = "1994",
    PAGES     = "1042-??"
}

@ARTICLE{ A:gershkoff,
    AUTHOR    = "I. Gershkoff",
    TITLE     = "Optimizing flight crew schedules",
    JOURNAL   = "Interfaces",
    VOLUME    = "19",
    NUMBER    = "4",
    YEAR      = "1989",
    PAGES     = "29--43"
}

@ARTICLE{ A:hoffman-padberg,
    AUTHOR    = "K.L. Hoffman and M. Padberg",
    TITLE     = "Solving airline crew scheduling problems by branch-and-cut",
    JOURNAL   = "Management Science",
    VOLUME    = "39",
    NUMBER    = "6",
    YEAR      = "1993",
    PAGES     = "657--682"
}

@ARTICLE{ A:lenstra:complexity,
    AUTHOR    = "J.K. Lenstra and A.H.G. Rinnooy Kan",
    TITLE     = "Computational complexity of discrete optimization problems",
    JOURNAL   = "Annals of Discrete Mathematics",
    VOLUME    = "4",
    YEAR      = "1979",
    PAGES     = "121--140"
}

@ARTICLE{ A:lovasz-scrijver:matrix-ineq,
    AUTHOR    = "L. Lov\'asz and A. Schrijver",
    TITLE     = "Matrix cones, projection representations and stable set polyhedra",
    JOURNAL   = "DIMACS Series in Discrete Mathematics and Theoretical Computer Science",
    VOLUME    = "1",
    YEAR      = "1990",
    PAGES     = "1--17"
}
        
@ARTICLE{ A:nemhauser-sigismondi,
    AUTHOR    = "G.L. Nemhauser and G. Sigismondi",
    TITLE     = "A strong cutting plane/branch-and-bound algorithm for node packing",
    JOURNAL   = "Journal of the Operational Research Society",
    VOLUME    = "43",
    NUMBER    = "5",
    YEAR      = "1992",
    PAGES     = "443--457"
}
        
@ARTICLE{ A:nemhauser-trotter:seq-lift,
    AUTHOR    = "G.L. Nemhauser and L.E. Trotter",
    TITLE     = "Properties of vertex packing and independence system polyhedra",
    JOURNAL   = "Mathematical Programming",
    VOLUME    = "6",
    YEAR      = "1974",
    PAGES     = "48--61"
}
        
@ARTICLE{ A:nemhauser-trotter:vertex-packing,
    AUTHOR    = "G.L. Nemhauser and L.E. Trotter",
    TITLE     = "Vertex packings: structural properties and algorithms",
    JOURNAL   = "Mathematical Programming",
    VOLUME    = "8",
    YEAR      = "1975",
    PAGES     = "232--248"
}
        
@ARTICLE{ A:nobili-sassano,
    AUTHOR    = "P. Nobili and A. Sassano",
    TITLE     = "Facets and lifting procedures for the set covering polytope",
    JOURNAL   = "Mathematical Programming",
    YEAR      = "1989",
    VOLUME    = "45",
    PAGES     = "111-137"
}

@ARTICLE{ A:padberg:set-packing-polyhedra,
    AUTHOR    = "M.W. Padberg",
    TITLE     = "On the facial structure of set packing polyhedra",
    JOURNAL   = "Mathematical Programming",
    VOLUME    = "5",
    YEAR      = "1973",
    PAGES     = "199--215"
}

@ARTICLE{ A:padberg-rinaldi,
    AUTHOR    = "M. Padberg and G. Rinaldi",
    TITLE     = "A Branch-and-Cut Algorithm for the Resolution of Large-Scale
Traveling Salesman Problems",
    JOURNAL   = "SIAM Review",
    VOLUME    = "33",
    YEAR      = "1991",
    PAGES     = "60-??"
}

@ARTICLE{ A:papa-yannakakis:maxsnp,
    AUTHOR    = "C.H. Papadimitriou and M. Yannakakis",
    TITLE     = "Optimization, approximation and complexity classes",
    JOURNAL   = "Journal of Computer and System Sciences",
    VOLUME    = "43",
    YEAR      = "1991",
    PAGES     = "425--440"
}

@ARTICLE{ A:ranga-tanga,
    AUTHOR    = "R. Anbil and E. Gelman and B. Patty and R. Tanga",
    TITLE     = "Recent advances in crew-pairing optimization at {American Airlines}",
    JOURNAL   = "Interfaces",
    VOLUME    = "21",
    NUMBER    = "1",
    YEAR      = "1991",
    PAGES     = "62--74"
}

@ARTICLE{ A:ryan-falkner,
    AUTHOR    = "D.M. Ryan and J.C. Falkner",
    TITLE     = "A bus crew scheduling system using a set partitioning model",
    JOURNAL   = "Asia Pacific Journal of Operational Research",
    VOLUME    = "4",
    YEAR      = "1987",
    PAGES     = "39--56"
}

@ARTICLE{ A:sassano,
    AUTHOR    = "A. Sassano",
    TITLE     = "On the facial structure of the set covering polytope",
    JOURNAL   = "Mathematical Programming",
    YEAR      = "1989",
    VOLUME    = "44",
    PAGES     = "181--202"
}

@ARTICLE{ A:trotter:web,
    AUTHOR    = "L.E. Trotter",
    TITLE     = "A class of facet producing graphs for vertex packing polyhedra",
    JOURNAL   = "Discrete Mathematics",
    VOLUME    = "12",
    YEAR      = "1975",
    PAGES     = "373--388"
}
        
@ARTICLE{ A:welsh:forking,
    AUTHOR    = "M. Welsh",
    TITLE     = "Using {Tcl} and {Tk} from your {C} programs",
    JOURNAL   = "Linux Journal",
    YEAR      = "1995",
    MONTH     = "February",
    PAGES     = "26--33"
}
 
%%%%%%%%%%%%%%%%%%%%%%%%%%%%%%%%%%%%%%%%%%%%%%%%%%%%%%%%%%%%%%%%%%%%%%%%%%%%%%%
%                               TECHREPORT                                    %
%%%%%%%%%%%%%%%%%%%%%%%%%%%%%%%%%%%%%%%%%%%%%%%%%%%%%%%%%%%%%%%%%%%%%%%%%%%%%%%

@TECHREPORT{ T:borndoerfer:telebus,
    AUTHOR    = "R. Bornd{\"o}rfer and M. Gr{\"o}tschel and F. Klostermeier and Ch. K{\"u}ttner",
    TITLE     = "{Telebus Berlin: Vehicle Scheduling in a Dial-a-Ride System}",
    INSTITUTION = "ZIB",
    YEAR      = "1997",
    NUMBER    = "SC 97-23"
}

%%%%%%%%%%%%%%%%%%%%%%%%%%%%%%%%%%%%%%%%%%%%%%%%%%%%%%%%%%%%%%%%%%%%%%%%%%%%%%%
%                               THESIS                                        %
%%%%%%%%%%%%%%%%%%%%%%%%%%%%%%%%%%%%%%%%%%%%%%%%%%%%%%%%%%%%%%%%%%%%%%%%%%%%%%%

@PHDTHESIS{ T:borndoerfer:thesis,
    AUTHOR    = "R. Bornd{\"o}rfer",
    TITLE     = "Aspects of Set Packing, Partitioning, and Covering",
    SCHOOL    = "Technischen Universit{\"a}t Berlin",
    YEAR      = "1997",
    MONTH     = "December"        
}

@PHDTHESIS{ T:eso:thesis,
    AUTHOR    = "M. Es{\H o}",
    TITLE     = "Parallel Branch and Cut for Set Partitioning",
    SCHOOL    = "Cornell University, Ithaca, NY",
    YEAR      = "1999",
}

@PHDTHESIS{ T:kopman:thesis,
    AUTHOR    = "L. Kopman",
    TITLE     = "A New Generic Separation Routine and its Application in a Branch and Cut Algorithm for the Capacitated Vehicle Routing Problem",
    SCHOOL    = "Cornell University, Ithaca, NY",
    YEAR      = "1999",
}

@PHDTHESIS{ T:ladanyi:thesis,
    AUTHOR    = "L. Lad{\'a}nyi",
    TITLE     = "Parallel Branch and Cut and its Application to the Traveling Salesman Problem",
    SCHOOL    = "Cornell University, Ithaca, NY",
    YEAR      = "1996",
    MONTH     = "January"        
}

@PHDTHESIS{ T:ralphs:thesis,
    AUTHOR    = "T.K. Ralphs",
    TITLE     = "Parallel Branch and Cut for Vehicle Routing",
    SCHOOL    = "Cornell University, Ithaca, NY",
    YEAR      = "1995",
    MONTH     = "May"        
}

%%%%%%%%%%%%%%%%%%%%%%%%%%%%%%%%%%%%%%%%%%%%%%%%%%%%%%%%%%%%%%%%%%%%%%%%%%%%%%%
%                 conference related references                               %
%%%%%%%%%%%%%%%%%%%%%%%%%%%%%%%%%%%%%%%%%%%%%%%%%%%%%%%%%%%%%%%%%%%%%%%%%%%%%%%

@MISC{ M:bixby:workshop,
    AUTHOR    = "R. Bixby",
    TITLE     = "Recent developments in {CPLEX}",
    HOWPUBLISHED = "Joint DIMACS-CMU-Georgia Tech. Workshop on Large Scale Discrete Optimization",
    MONTH     = "May 27-29,",
    YEAR      = "1998"
}

@INPROCEEDINGS{ P:compsys,
    AUTHOR    = "M. Es{\H o} and L. Lad\'anyi and T.K. Ralphs and L.E. Trotter",
    TITLE     = "Fully parallel generic branch-and-cut",
    BOOKTITLE = "Proceedings of the Eighth SIAM Conference on Parallel Processing for Scientific Computing",
    YEAR      = "1997",
    MONTH     = "March 14-17",
    ADDRESS   = "Minneapolis"
}

%%%%%%%%%%%%%%%%%%%%%%%%%%%%%%%%%%%%%%%%%%%%%%%%%%%%%%%%%%%%%%%%%%%%%%%%%%%%%%%
%                 MANUAL and web related references                           %
%%%%%%%%%%%%%%%%%%%%%%%%%%%%%%%%%%%%%%%%%%%%%%%%%%%%%%%%%%%%%%%%%%%%%%%%%%%%%%%

@MANUAL{ M:cplex,
    KEY       = "CPLEX",
    ORGANIZATION = "CPLEX Optimization, Inc.",
    TITLE     = "Using the CPLEX$^\copyright$ Callable Library, Version 4.0",
    YEAR      = "1995",
}

@MANUAL{ M:compsys,
    AUTHOR    = "M. Es{\H o} and L. Lad\'anyi",
    TITLE     = "CompSys User's Manual (unpublished)",
    YEAR      = "1997"
}

@MANUAL{ W:pvm,
    KEY       = "PVM",
    TITLE     = "{PVM: Parallel Virtual Machine}",
    ADDRESS   = "\\ {\tt http://www.epm.orml.gov/pvm/pvm\_home.html}"
}

@MANUAL{ W:mpi,
    KEY       = "MPI",
    TITLE     = "{MPI: Message Passing Interface}",
    ADDRESS   = "\\ {\tt http://www-unix.mcs.anl.gov/mpi}"
}

@MANUAL{ W:abacus,
    KEY       = "ABACUS",
    TITLE     = "{ABACUS: A Branch and Cut System}",
    ADDRESS   = "\\ {\tt http://www.informatik.uni-koeln.de/ls\_juenger/projects/abacus.html}"
}

@MANUAL{ W:bcopt,
    KEY       = "BC-OPT",
    TITLE     = "{BC-OPT}",
    ADDRESS   = "{\\ \tt http://}"
}

@MANUAL{ W:bob,
    KEY       = "BOB",
    TITLE     = "{Bob}",
    ADDRESS   = "\\ {\tt http://www.prism.uvsq.fr/optimize/softs/bob.en.html}"
}

@MANUAL{ W:coin-or,
    KEY       = "COIN-OR",
    TITLE     = "{COIN-OR: Common Optimization Interface for Operations Research}",
    ADDRESS   = "\\ {\tt http://www.coin-or.org}"
}

@MANUAL{ W:concorde,
    KEY       = "CONCORDE",
    TITLE     = "{CONCORDE}",
    ADDRESS   = "\\ {\tt http://www.keck.caam.rice.edu/concorde.html}"
}

@MANUAL{ W:fatcop,
    KEY       = "FATCOP",
    TITLE     = "{FATCOP}",
    ADDRESS   = "\\ {\tt http://www.cs.wisc.edu/\verb|~|ferris/fatcop.html}"
}

@MANUAL{ W:minto,
    KEY       = "MINTO",
    TITLE     = "{MINTO}",
    ADDRESS   = "\\ {\tt http://akula.isye.gatech.edu/\verb|~|mwps/projects/minto.html}"
}

@MANUAL{ W:mipo,
    KEY       = "MIPO",
    TITLE     = "{MIPO}",
    ADDRESS   = "\\ {\tt http://www.columbia.edu/\verb|~|sc244/abstract.html\#tmipo}"
}

@MANUAL{ W:parino,
    KEY       = "PARINO",
    TITLE     = "{PARINO}",
    ADDRESS   = "\\ {\tt http://www-unix.mcs.anl.gov/\verb|~|linderot/projects/pio.html\#PARINO}"
}

@MANUAL{ W:pico,
    KEY       = "PICO",
    TITLE     = "{PICO}",
    ADDRESS   = "\\ {\tt http://www.cs.sandia.gov/\verb|~|caphill/proj/pico.html}"
}

@MANUAL{ W:ppbb-lib,
    KEY       = "PPBB-LIB",
    TITLE     = "{PPBB-LIB}",
    ADDRESS   = "\\ {\tt http://www.uni-paderborn.de/cs/ag-monien/SOFTWARE/PPBB/introduction.html}"
}

@MANUAL{ W:pubb,
    KEY       = "PUBB",
    TITLE     = "{PUBB}",
    ADDRESS   = "\\ {\tt http://al.ei.tuat.ac.jp/\verb|~|yshinano/pubb/index.html}"
}

@MANUAL{ W:symphony,
    KEY       = "SYMPHONY",
    TITLE     = "{SYMPHONY: Single- or Multi-Process Optimization over Networks}",
    ADDRESS   = "\\ {\tt http://www.branchandcut.org/SYMPHONY}"
}
